@article{Portilla2015,
author = {Portilla, Jes{\'{u}}s and Luc{\'{i}}a, Ana and Padilla-hern{\'{a}}ndez, Roberto and Cavaleri, Luigi},
doi = {10.1016/j.ocemod.2015.06.005},
file = {:C$\backslash$:/Users/ASUS/Documents/PAE/Estado del arte/An{\'{a}}isis de corto plazo/Spectral wave conditions in the Colombian Pacific Ocean.pdf:pdf},
number = {June},
title = {{Spectral wave conditions in the Colombian Pacific Ocean}},
year = {2015}
}
@article{Pawlowicz2002,
author = {Pawlowicz, Rich and Beardsley, Bob and Lentz, Steve},
file = {:C$\backslash$:/Users/ASUS/Documents/PAE/Estado del arte/s0098-3004(02)00013-4.pdf:pdf},
keywords = {confidence interval,oceanography,tides},
pages = {929--937},
title = {{Classical tidal harmonic analysis including error estimates in MATLAB using T TIDE {\$}}},
volume = {28},
year = {2002}
}

@article{Ribal2019,
author = {Ribal, Agustinus and Young, Ian R},
file = {:C$\backslash$:/Users/ASUS/Documents/PAE/Estado del arte/Ribal{\_}and{\_}Young{\_}2019{\_}Scientific{\_}Data{\_}Submitted.pdf:pdf},
mendeley-groups = {PAE},
number = {January},
title = {33 years of globally calibrated wave height and wind speed data based on altimeter observations},
year = {2019}
}

@article{CapelMolina1999,
author = {{Capel Molina}, Jos{\'{e}} Jaime},
file = {:C$\backslash$:/Users/ASUS/Documents/PAE/Estado del arte/Dialnet-ElFenomenoENSOElNinoOscilacionDelSurEn19971998-199687.pdf:pdf},
keywords = {alteraciones clim{\'{a}}ticas,climatolog{\'{i}}a,el ni{\~{n}}o,enso,episodio 1997-1998,laci{\'{o}}n del sur,osci-,teleconexiones},
mendeley-groups = {PAE},
pages = {37--62},
title = {{EL FEN{\'{O}}MENO ENSO ( EL NI{\~{N}}O / OSCILACI{\'{O}}N DEL SUR) EN 1997-1998. ALTERACIONES INDUCIDAS EN EL MUNDO}},
year = {1999}
}
