@article{Valle-Levinson2017,
	title = {{Spatial and temporal variability of sea level rise hot spots over the eastern United States}},
	author = {Valle-Levinson, Arnoldo and Dutton, Andrea and Martin, Jonathan B.},
	doi = {10.1002/2017GL073926},
	file = {:home/franklin/Documentos/GitHub/TDG/Documentary resources/Sea Level{\_}El Ni{\~{n}}o/Spatial and temporal variability of sea level rise hot spots over the eastern United States.pdf:pdf},
	issn = {19448007},
	journal = {Geophysical Research Letters},
	keywords = {eastern United States,sea level rise,spatial variability,temporal variability},
	number = {15},
	pages = {7876--7882},
	volume = {44},
	year = {2017}
}
