@string{I = {Ind. Eng. Chem. Res.}}%
@string{F = {Fuel}}%
@string{EF = {Energy \& Fuels}} %
@string{CF = {Comb. \& Flame}}%
@string{EST = {Environ. Sci. Technol.}} %
@string{JAP = {J. Appl.Polym. Sci.}} %
@string{CJC = { Can. J. Chem. Eng.}} %
@string{JAA ={J. Anal. Appl. Pyrolysis.}} %
@string{JPS = {J. Polym. Sci. A}}%
@string{CST = {Combust. Sci. Tech.}} %
@string{C = {Carbon}}%
@string{Aiche = {AIChE J.}}%
@string{CES = {Chem. Eng. Sci.}}%
@string{JFM ={ J. Fluid. Mech.}}%

@book{Dronkers1975,
	abstract = {ANALYSIS OF TIDES; A.THEORY OF TIDAL GENERATION AND THE HARMONIC ANALYSIS OF TIDES.B.TIDAL PREDUCTION BY THE HARMONIC METHOD.C.TIDAL PREDICTION BY THE RESPONSE METHOD.D.APPLICATION OF TIDAL PREDICTION.TIDAL EQUATIONS; A.TIDAL EQUATIONS FOR TWO-DIMENSIONAL REGIONS AND FOR A RIVER.B.TIDAL EQUATIONS EXPRESSED IN TERMS OF ENERGY HEAD.TIDAL COMPUTATIONS; A.GENERAL.B.BOUNDARY CONDITIONS.C.TIDAL COMPUTATIONS FOR RIVERS.D.TIDAL COMPUTATIONS IN THE SEA.},
	author = {Dronkers, J. J.},
	booktitle = {in 'Advances in Hydroscience', Chow, V.T.(Ed.). Book: Publ. By Academic Press Inc.},
	doi = {10.1016/b978-0-12-021810-3.50007-2},
	file = {:home/franklin/Documentos/GitHub/TDG/Documentary resources/Tidal-Theory-and-Computations{\_}1975{\_}Advances-in-Hydroscience.pdf:pdf},
	issn = {0065-2768},
	mendeley-groups = {TDG},
	number = {(1975)},
	pages = {145--230},
	publisher = {ACADEMIC PRESS, INC.},
	title = {{Tidal Theory and Computations.}},
	url = {http://dx.doi.org/10.1016/B978-0-12-021810-3.50007-2},
	volume = {10},
	year = {1975}
}
@article{Pawlowicz2002,
	author = {Pawlowicz, Rich and Beardsley, Bob and Lentz, Steve},
	file = {:home/franklin/Documentos/GitHub/TDG/Documentary resources/Classicla tidal harmonic analysis.pdf:pdf},
	keywords = {confidence interval,oceanography,tides},
	mendeley-groups = {TDG},
	pages = {929--937},
	title = {{Classical tidal harmonic analysis including error estimates in MATLAB using T TIDE {\$}}},
	volume = {28},
	year = {2002}
}

@article{UNESCO2016,
	author = {Intergovernmental Oceanographic Commission of UNESCO},
	file = {:home/franklin/Documentos/GitHub/TDG/Documentary resources/Mareografo.pdf:pdf},
	journal = {IOC Manuals and Guides No.14, vol. V},
	mendeley-groups = {TDG},
	number = {89},
	pages = {104},
	title = {{Manual on Sea-level Measurements and Interpretation, Volume V: Radar Gauges}},
	volume = {5},
	year = {2016}
}
@article{Fernandez2018,
	author = {Fernandez, E and Lellouche, J M},
	file = {:home/franklin/Documentos/GitHub/TDG/Documentary resources/reanalisis.pdf:pdf},
	journal = {Copernicus Product User Manual},
	mendeley-groups = {TDG},
	number = {April},
	pages = {1--15},
	title = {{Product User Manual for the Global Ocean Physcal Reanalysis Product GLORYS12V1}},
	volume = {4},
	year = {2018}
}
